<?xml version="1.0" encoding="UTF-8"?><collection xmlns="http://www.loc.gov/MARC21/slim"><record><leader>00425nam--2200133-i-4500</leader><controlfield tag="001">000030099</controlfield><controlfield tag="002">20161230</controlfield><controlfield tag="005">20161230201038</controlfield><controlfield tag="008">060222s1000------------r-----000-0-eng-d</controlfield><datafield ind1=" " ind2=" " tag="100"><subfield code="a">Latimer Wendell M</subfield></datafield><datafield ind1=" " ind2=" " tag="245"><subfield code="a">The oxidation states of the elements and their potentials in aqueous solutions</subfield></datafield><datafield ind1=" " ind2=" " tag="260"><subfield code="a">Englewood Cliff, N.J., Prentice-hall, Inc., 1959, Xvi + 392p</subfield></datafield><datafield ind1=" " ind2=" " tag="490"><subfield code="a">Prentice-hall Chemistry  Series</subfield></datafield><datafield ind1=" " ind2=" " tag="852"><subfield code="a">16043</subfield></datafield></record></collection>